@article{timbretron,
  author    = {Sicong Huang and
               Qiyang Li and
               Cem Anil and
               Xuchan Bao and
               Sageev Oore and
               Roger B. Grosse},
  title     = {TimbreTron: {A} WaveNet(CycleGAN(CQT(Audio))) Pipeline for Musical
               Timbre Transfer},
  journal   = {CoRR},
  volume    = {abs/1811.09620},
  year      = {2018},
  url       = {http://arxiv.org/abs/1811.09620},
  archivePrefix = {arXiv},
  eprint    = {1811.09620},
  timestamp = {Fri, 30 Nov 2018 12:44:28 +0100},
  biburl    = {https://dblp.org/rec/bib/journals/corr/abs-1811-09620},
  bibsource = {dblp computer science bibliography, https://dblp.org}
}

@inproceedings{CycleGAN,
  title={Unpaired Image-to-Image Translation using Cycle-Consistent Adversarial Networks},
  author={Zhu, Jun-Yan and Park, Taesung and Isola, Phillip and Efros, Alexei A},
  booktitle={Computer Vision (ICCV), 2017 IEEE International Conference on},
  year={2017}
}

@article{pix2pix,
  title={Image-to-Image Translation with Conditional Adversarial Networks},
  author={Isola, Phillip and Zhu, Jun-Yan and Zhou, Tinghui and Efros, Alexei A},
  journal={arxiv},
  year={2016}
}

@inproceedings{pix2pixHD,
  title={High-Resolution Image Synthesis and Semantic Manipulation with Conditional GANs},
  author={Ting-Chun Wang and Ming-Yu Liu and Jun-Yan Zhu and Andrew Tao and Jan Kautz and Bryan Catanzaro},  
  booktitle={Proceedings of the IEEE Conference on Computer Vision and Pattern Recognition},
  year={2018}
}
@inproceedings{maestro,
  title={Enabling Factorized Piano Music Modeling and Generation with the {MAESTRO} Dataset},
  author={Curtis Hawthorne and Andriy Stasyuk and Adam Roberts and Ian Simon and Cheng-Zhi Anna Huang and Sander Dieleman and Erich Elsen and Jesse Engel and Douglas Eck},
  booktitle={International Conference on Learning Representations},
  year={2019},
  url={https://openreview.net/forum?id=r1lYRjC9F7}
}

@article{spectrogram_inv,
 author = {Decorsi\`{e}re, R{\'e}mi and S{\o}ndergaard, Peter L. and MacDonald, Ewen N. and Dau, Torsten},
 title = {Inversion of Auditory Spectrograms, Traditional Spectrograms, and Other Envelope Representations},
 journal = {IEEE/ACM Trans. Audio, Speech and Lang. Proc.},
 issue_date = {January 2015},
 volume = {23},
 number = {1},
 month = jan,
 year = {2015},
 issn = {2329-9290},
 pages = {46--56},
 numpages = {11},
 url = {http://dx.doi.org/10.1109/TASLP.2014.2367821},
 doi = {10.1109/TASLP.2014.2367821},
 acmid = {2736116},
 publisher = {IEEE Press},
 address = {Piscataway, NJ, USA},
 keywords = {auditory spectrogram, gradient methods, short-time Fourier transform, spectrogram inversion}
} 
